@article{li2025uni,
  title={Uni-Sign: Toward Unified Sign Language Understanding at Scale},
  author={Li, Zecheng and Zhou, Wengang and Zhao, Weichao and Wu, Kepeng and Hu, Hezhen and Li, Houqiang},
  journal={arXiv preprint arXiv:2501.15187},
  year={2025}
}
